<record><leader>00000cas a22000007a 4500</leader><controlfield tag="001">18297772</controlfield><controlfield tag="008">880801d188u189udeuwr ne      0    0eng d</controlfield><datafield ind1=" " ind2=" " tag="010"><subfield code="a">sn 88053060 </subfield></datafield><datafield ind1=" " ind2=" " tag="040"><subfield code="a">DEX</subfield><subfield code="b">eng</subfield><subfield code="c">DEX</subfield><subfield code="d">OCLCQ</subfield></datafield><datafield ind1=" " ind2=" " tag="042"><subfield code="a">msc</subfield></datafield><datafield ind1="0" ind2="4" tag="245"><subfield code="a">The Clayton call.</subfield></datafield><datafield ind1=" " ind2=" " tag="260"><subfield code="a">Clayton, Del. :</subfield><subfield code="b">W.G. Hill &amp; Co.</subfield></datafield><datafield ind1=" " ind2=" " tag="300"><subfield code="a">v.</subfield></datafield><datafield ind1=" " ind2=" " tag="310"><subfield code="a">Weekly</subfield></datafield><datafield ind1=" " ind2=" " tag="588"><subfield code="a">Description based on: Vol. 9, no. 3 (July 6, 1897).</subfield></datafield><datafield ind1=" " ind2=" " tag="752"><subfield code="a">United States</subfield><subfield code="b">Delaware</subfield><subfield code="c">Kent</subfield><subfield code="d">Clayton.</subfield></datafield><datafield ind1="0" ind2="4" tag="785"><subfield code="t">Smyrna call</subfield><subfield code="w">(DLC)sn 88053031</subfield></datafield></record>